<?xml version="1.0" encoding="utf-8"?>
<record xmlns="http://www.loc.gov/MARC21/slim" xmlns:xsi="http://www.w3.org/2001/XMLSchema-instance" xsi:schemaLocation="http://www.loc.gov/MARC21/slim http://www.loc.gov/standards/marcxml/schema/MARC21slim.xsd">
	<leader>     nam a22     Mi 4500</leader>
	<controlfield tag="001">6666</controlfield>
	<controlfield tag="003">aeadna</controlfield>
	<controlfield tag="006">m        d        </controlfield>
	<controlfield tag="007">cr cn |||m|||a</controlfield>
	<controlfield tag="008">200219s1870    ua 0010go  e a000 0|ara|d</controlfield>
	<datafield ind1=" " ind2=" " tag="040">
		<subfield code="a">ZYU</subfield>
		<subfield code="b">ara</subfield>
		<subfield code="c">ZYU</subfield>
	</datafield>
	<datafield ind1="0" ind2=" " tag="041">
		<subfield code="a">ara</subfield>
	</datafield>
	<datafield ind1="0" ind2="4" tag="050">
		<subfield code="a">AE2 </subfield>
		<subfield code="b">.B35 1870</subfield>
	</datafield>
	<datafield ind1="1" ind2="4" tag="082">
		<subfield code="a">810.9</subfield>
		<subfield code="b">21</subfield>
	</datafield>
	<datafield ind1="1" ind2=" " tag="100">
		<subfield code="a">البلوي، أبو الحجاج يوسف بن محمد، </subfield>
		<subfield code="d">1132 أو 1133-1208</subfield>
	</datafield>
	<datafield ind1="1" ind2="0" tag="245">
		<subfield code="a">كتاب ألف با</subfield>
		<subfield code="h">[electronic resource] /</subfield>
		<subfield code="c">لأبي الحجاج يوسف بن محمد البلوي؛ تصحيح مصطفى وهبي.</subfield>
	</datafield>
	<datafield ind1="3" ind2="0" tag="246">
		<subfield code="a">ألف با</subfield>
	</datafield>
	<datafield ind1=" " ind2=" " tag="260">
		<subfield code="a">القاهرة :</subfield>
		<subfield code="b">جمعية المعارف ،</subfield>
		<subfield code="c">1287 هـ. [1870].</subfield>
	</datafield>
	<datafield ind1=" " ind2=" " tag="300">
		<subfield code="a">online resource (2مج (552مج1: ص. ، مج2:592 ص.) ؛)</subfield>
	</datafield>
	<datafield ind1=" " ind2=" " tag="500">
		<subfield code="a">طبعة حجرية،مجلد، حالة الكتب جيدة أوراقه صفراء.نهاية مج2:&quot;قد تم بعونه تعالى طبع هذا الكتاب المشحون بنفائس الآداب وهو احد الكتب التي تطبع على ذمة جمعية المعارف البالغ قدرها 100 تحت حماية الوزير الأفخم... محمد توفيق باشاولي عهد الخديوية المصرية...&quot;. طبع للمرة الأولى في المطبعة الوهبية بمصر سنة 1870.</subfield>
	</datafield>
	<datafield ind1=" " ind2=" " tag="500">
		<subfield code="a">يعد كتاب ألف باء للبلوي من المؤلفات الموسوعية التي تشمل مواضيع الطبيعة والإنسان والنبات والحيوان والشعر والنحو والأدب، إضافة إلى علوم القرآن والحديث والفقه.</subfield>
	</datafield>
	<datafield ind1=" " ind2=" " tag="500">
		<subfield code="a">وهو موسوعة أدبية وعلمية مكتوبة على شكل معجم لغوي بأسلوب قصصي، نشأت فكرتها كما يحكي المؤلف من قصتين: الأولى بطلها البلوي الصبي النهم للعلم الذي يجلس في حلقة الدرس صامتا يجمع العلم ويرى نفسه دون مستوى التأليف، أما القصة الثانية فبطلها البلوي الشيخ الذي يقاوم الفناء بالتأليف ونقل معرفته وخبراته للجيل الجديد.</subfield>
	</datafield>
	<datafield ind1=" " ind2=" " tag="500">
		<subfield code="a">Part of the Arabic Collections Online (ACO) project, contributed by United Arab Emirates National Archives.</subfield>
	</datafield>
	<datafield ind1=" " ind2=" " tag="533">
		<subfield code="a">Electronic reproduction.</subfield>
		<subfield code="b">New York, N.Y. :</subfield>
		<subfield code="c">New York University,</subfield>
		<subfield code="d">2020.</subfield>
		<subfield code="5">NNU</subfield>
	</datafield>
	<datafield ind1=" " ind2=" " tag="541">
		<subfield code="a">إهداء/ سمو الشيخ فالح بن ناصر آل ثاني إلى مكتبة مركز الوثائق والدراسات أبوظبي.</subfield>
	</datafield>
	<datafield ind1=" " ind2=" " tag="546">
		<subfield code="a">اللغة العربية</subfield>
	</datafield>
	<datafield ind1=" " ind2="4" tag="650">
		<subfield code="a">دوائر المعارف العربية</subfield>
	</datafield>
	<datafield ind1=" " ind2="4" tag="650">
		<subfield code="a">دوائر المعارف العربية</subfield>
		<subfield code="y">الأعمال المبكرة حتى 1600</subfield>
	</datafield>
	<datafield ind1="1" ind2=" " tag="700">
		<subfield code="a">وهبي، مصطفى</subfield>
		<subfield code="e">مصحح</subfield>
	</datafield>
	<datafield ind1="2" ind2=" " tag="710">
		<subfield code="a">Abu Dhabi (United Arab Emirates).</subfield>
		<subfield code="b">National Archives.</subfield>
	</datafield>
	<datafield ind1="0" ind2=" " tag="730">
		<subfield code="a">Arabic Collections Online.</subfield>
	</datafield>
	<datafield ind1="0" ind2="8" tag="776">
		<subfield code="i">Print version:</subfield>
		<subfield code="a">البلوي، أبو الحجاج يوسف بن محمد، 1132 أو 1133-1208</subfield>
		<subfield code="t">كتاب ألف با</subfield>
		<subfield code="w">(aeadna)6666</subfield>
	</datafield>
	<datafield ind1="4" ind2="0" tag="856">
		<subfield code="u">http://hdl.handle.net/2333.1/280gbg6m</subfield>
	</datafield>
	<datafield ind1=" " ind2=" " tag="959">
		<subfield code="a">NNU</subfield>
		<subfield code="b">WEB</subfield>
		<subfield code="c">GENI</subfield>
		<subfield code="t">0</subfield>
		<subfield code="m">Electronic access</subfield>
		<subfield code="s">01</subfield>
	</datafield>
	<datafield ind1=" " ind2=" " tag="999">
		<subfield code="i">aeadna_6666</subfield>
		<subfield code="s">uaena_aco000003:1</subfield>
		<subfield code="s">uaena_aco000004:2</subfield>
		<subfield code="e">(ERROR-880)(ERROR-MISC)</subfield>
	</datafield>
</record>
